<?xml version="1.0" encoding="UTF-8"?><collection xmlns="http://www.loc.gov/MARC21/slim"><record><leader>00618nam--2200193-i-4500</leader><controlfield tag="001">000042592</controlfield><controlfield tag="002">20161230</controlfield><controlfield tag="005">20161230201043</controlfield><controlfield tag="008">060222s1000------------r-----000-0-rum-d</controlfield><datafield ind1=" " ind2=" " tag="040"><subfield code="a">IFIN-HH</subfield></datafield><datafield ind1=" " ind2=" " tag="041"><subfield code="a">rum</subfield></datafield><datafield ind1=" " ind2=" " tag="080"><subfield code="a">015:536.25</subfield></datafield><datafield ind1="1" ind2=" " tag="100"><subfield code="a">Staicu,C.I</subfield></datafield><datafield ind1="1" ind2="0" tag="245"><subfield code="a">Dezvoltarea analizei dimensionale cu aplicare la studiul convectiei caldurii</subfield><subfield code="b">Rezumatul tezei de doctorat</subfield><subfield code="c">C.i. staicu</subfield></datafield><datafield ind1=" " ind2=" " tag="260"><subfield code="a">Iasi</subfield><subfield code="b">Institutul Politehnic Iasi</subfield><subfield code="c">1973</subfield></datafield><datafield ind1=" " ind2=" " tag="300"><subfield code="a">44P</subfield></datafield><datafield ind1=" " ind2=" " tag="502"><subfield code="a">Conducator Stiintific: Prof.Dr.Ing. Gerard D'Albon; Prof.Dr.Doc.Ing Ioan Vladea</subfield></datafield><datafield ind1=" " ind2=" " tag="852"><subfield code="a">39075</subfield><subfield code="c">536</subfield></datafield><datafield ind1=" " ind2=" " tag="CAT"><subfield code="a">Sys</subfield><subfield code="c">20110509</subfield><subfield code="h">144535</subfield></datafield></record></collection>